
@Article{All00,
 author = "Allen, F. and Gale, D.",
 title = "Financial Contagion",
 journal = "The Journal of Political Economy",
 year = "2000",
 volume = "108",
 number = "1",
 pages = "1-33"
 }
 
@Article{Cor03,
 author = "Cordella, T. and Yeyati, E. L.",
 title = "Bank bailouts: moral hazard vs. value effect",
 journal = "Journal of Financial Intermediation",
 year = "2003",
 volume = "12",
 number = "4",
 pages = "300-330",
 }
 
@Article{Dia83,
 author = "Diamond, D. and Dybvig, P. H.",
 title = "Bank runs, deposit insurance and liquidity",
 journal = "The Journal of Political Economy",
 year = "1983",
 volume = "91",
 number = "3",
 pages = "401-419",
 }
 
@Article{Eis01,
 author = "Eisenberg, L. and Noe, T. H",
 title = "Systemic Risk in Financial Systems",
 journal = "Management Science",
 year = "2001",
 volume = "47",
 number = "2",
 pages = "236-249",
 }
 
@Article{Els09,
 author = "Elsinger, H.",
 title = "Financial Networks, Cross Holdings and Limited Liability",
 journal = "OeNB Working Paper Series",
 year = "2009",
 volume = 156
 }
 
@Article{Els06,
 author = "Elsinger, H. and Lehar, A. and Summer, M.",
 title = "Risk assessment for banking systems",
 journal = "Management Science",
 year = "2006",
 volume = "52",
 number = "9",
 pages = "1301-1314",
 }
 
@Misc{ECB09,
 author = "European Central Bank",
 title = "Financial Stability Review",
 month = "12",
 year = "2009"
 }
 
@Article{Gai10,
 author = "Gai, P. and Kapadia, S.",
 title = "Contagion in financial networks",
 journal = "Proceedings of the Royal Society A: Mathematical, Physical and Engineering Science",
 year = "2010",
 volume = "466",
 number = "2120",
 pages = "2401-2423",
 }
 
@Article{Ior06,
 author = "Iori, G. and Jafarey, S. and Padilla, F. G.",
 title = "Systemic risk on the interbank market",
 journal = "Journal of Economic Behaviour and Organization",
 year = "2006",
 volume = "61",
 number = "4",
 pages = "525-542",
 }
 
@Article{Lei05,
 author = "Leitner, Y.",
 title = "Financial Networks: Contagion, Commitment and Private Sector Bailouts",
 journal = "The Journal of Finance",
 year = "2005",
 volume = "60",
 number = "6",
 pages = "2925-2953",
 }
 
@Article{Nie07,
 author = "Nier, E. and Yang, J. and Yorulmazer, T. and Alentorn, A.",
 title = "Network models and financial stability",
 journal = "Journal of Economic Dynamics and Control",
 year = "2007",
 volume = "31",
 number = "6",
 pages = "2033-2060",
 }
 
@Article{Roc96,
 author = "Rochet, J.-C. and Tirole, J.",
 title = "Interbank Lending and Systemic risk",
 journal = "Journal of Money, Credit and Banking",
 year = "1996",
 volume = "48",
 number = "4",
 pages = "733-762",
 }
 
@Article{Upp11,
 author = "Upper, C.",
 title = "Simulation methods to assess the danger of contagion in interbank markets",
 journal = "Journal of Financial Stability",
 year = "2011",
 volume = "7",
 number = "3",
 pages = "111-125",
 } 

































